@article{Fossheim,
  author = { Maria   Fossheim  and  Einar M.   Nilssen  and  Michaela   Aschan },
  title = {Fish assemblages in the Barents Sea},
  journal = {Marine Biology Research},
  volume = {2},
  number = {4},
  pages = {260-269},
  year  = {2006},
  publisher = {Taylor & Francis},
  doi = {10.1080/17451000600815698},
  
  URL = { 
    https://doi.org/10.1080/17451000600815698
    
  },
  eprint = { 
    https://doi.org/10.1080/17451000600815698
    
  }
  
}