@article {Moran2004,
author = {Moran, Maria and Walsh, C. and Lynch, A. and Coen, R. F. and Coakley, D. and Lawlor, B. A.},
title = {Syndromes of behavioural and psychological symptoms in mild Alzheimer's disease},
journal = {International Journal of Geriatric Psychiatry},
volume = {19},
number = {4},
publisher = {John Wiley & Sons, Ltd.},
issn = {1099-1166},
url = {http://dx.doi.org/10.1002/gps.1091},
doi = {10.1002/gps.1091},
pages = {359--364},
keywords = {Alzheimer's disease, behavioural and psychological symptoms, syndromes},
year = {2004},
}

@misc{donnet2017using,
      title={Using deterministic approximations to accelerate SMC for posterior sampling}, 
      author={Sophie Donnet and St√©phane Robin},
      year={2017},
      eprint={1707.07971},
      archivePrefix={arXiv},
      primaryClass={stat.ME}
}


@article {delmoral06,
author = {Del Moral, Pierre and Doucet, Arnaud and Jasra, Ajay},
title = {Sequential Monte Carlo samplers},
journal = {Journal of the Royal Statistical Society: Series B (Statistical Methodology)},
volume = {68},
number = {3},
publisher = {Blackwell Publishing Ltd},
issn = {1467-9868},
url = {http://dx.doi.org/10.1111/j.1467-9868.2006.00553.x},
doi = {10.1111/j.1467-9868.2006.00553.x},
pages = {411--436},
keywords = {Importance sampling, Markov chain Monte Carlo methods, Ratio of normalizing constants, Resampling, Sequential Monte Carlo methods, Simulated annealing},
year = {2006},
}

@Article{brooks,
author={Brooks, Stephen P. and Roberts, Gareth O}, 
title="Convergence assessment techniques for Markov chain Monte Carlo",
journal="Statistics and Computing",
year = 1998, 
volume="8",
number="4",
pages="319--335",
abstract="MCMC methods have effectively revolutionised the field of Bayesian statistics over the past few years. Such methods provide invaluable tools to overcome problems with analytic intractability inherent in adopting the Bayesian approach to statistical modelling.",
issn="1573-1375",
doi="10.1023/A:1008820505350",
url="http://dx.doi.org/10.1023/A:1008820505350"
}


@book{robert1999monte,
  title={Monte Carlo Statistical Methods},
  author={Robert, C.P. and Casella, G.},
  isbn={9780387987071},
  lccn={98055413},
  series={Springer texts in statistics},
  url={https://books.google.fr/books?id=nlqVQgAACAAJ},
  year={1999},
  publisher={Springer}
}

