@article{barbillon2017stochastic,
  title={Stochastic block models for multiplex networks: an application to a multilevel network of researchers},
  author={Barbillon, Pierre and Donnet, Sophie and Lazega, Emmanuel and Bar-Hen, Avner},
  journal={Journal of the Royal Statistical Society: Series A (Statistics in Society)},
  volume={180},
  number={1},
  pages={295--314},
  year={2017},
  publisher={Wiley Online Library}
}
@article{bartolucci2018dealing,
  title={Dealing with reciprocity in dynamic stochastic block models},
  author={Bartolucci, Francesco and Marino, Maria Francesca and Pandolfi, Silvia},
  journal={Computational Statistics \& Data Analysis},
  volume={123},
  pages={86--100},
  year={2018},
  publisher={Elsevier}
}

@article{bar2018block,
  title={Block models for multipartite networks. Applications in ecology and ethnobiology},
  author={Bar-Hen, Avner and Barbillon, Pierre and Donnet, Sophie},
  journal={arXiv preprint arXiv:1807.10138},
  year={2018}
}
@book{bianconi2018multilayer,
  title={Multilayer Networks: Structure and Function},
  author={Bianconi, Ginestra},
  year={2018},
  publisher={Oxford University Press}
}
@article{biernacki2000assessing,
  title={Assessing a mixture model for clustering with the integrated completed likelihood},
  author={Biernacki, Christophe and Celeux, Gilles and Govaert, G{\'e}rard},
  journal={IEEE transactions on pattern analysis and machine intelligence},
  volume={22},
  number={7},
  pages={719--725},
  year={2000},
  publisher={IEEE}
}
@article{bickel2013asymptotic,
  title={Asymptotic normality of maximum likelihood and its variational approximation for stochastic blockmodels},
  author={Bickel, Peter and Choi, David and Chang, Xiangyu and Zhang, Hai and others},
  journal={The Annals of Statistics},
  volume={41},
  number={4},
  pages={1922--1943},
  year={2013},
  publisher={Institute of Mathematical Statistics}
}
@article{blei2017variational,
  title={Variational inference: A review for statisticians},
  author={Blei, David M and Kucukelbir, Alp and McAuliffe, Jon D},
  journal={Journal of the American Statistical Association},
  volume={112},
  number={518},
  pages={859--877},
  year={2017},
  publisher={Taylor \& Francis}
}
@article{brailly2016dynamics,
  title={Dynamics of networks in trade fairs—A multilevel relational approach to the cooperation among competitors},
  author={Brailly, Julien},
  journal={Journal of Economic Geography},
  volume={16},
  number={6},
  pages={1279--1301},
  year={2016},
  publisher={Oxford University Press}
}
@article{brailly2016embeddedness,
  title={Embeddedness as a multilevel problem: A case study in economic sociology},
  author={Brailly, Julien and Favre, Guillaume and Chatellet, Josiane and Lazega, Emmanuel},
  journal={Social Networks},
  volume={44},
  pages={319--333},
  year={2016},
  publisher={Elsevier}
}
@article{brailly2017neo,
  title={Neo-structural economic sociology beyond embeddedness},
  author={Brailly, Julien and Comet, Catherine and Delarre, Sébastien and Eloire, Fabien and Favre, Guillaume and Lazega, Emmanuel and Mounier, Lise and Montes-Lihn, Jaime and Oubenal, Mohamed and Penalva-Icher, Elise and Piña-Stranger, Alvaro},
  journal={economic sociology\_the european electronic newsletter},
  volume={19},
  number={3},
  pages={36--49},
  year={2017}
}
@phdthesis{brault2014estimation,
  title={Estimation et s{\'e}lection de mod{\`e}le pour le mod{\`e}le des blocs latents},
  author={Brault, Vincent},
  year={2014},
  school={Universit{\'e} Paris Sud-Paris XI}
}


@article{nowickiSnijders2001,
  author = {Nowicki, K. and Snijders, T. A. B.},
  issn = {0162-1459}, 
  journal = {Journal of the American Statistical Association},
  onth = {September},
  number = 455,
  pages = {1077--1087},
  title = {Estimation and Prediction for Stochastic Blockstructures},
  volume = 96,
  year = 2001
}

@article{kefi,
    author = {Kéfi, Sonia AND Miele, Vincent AND Wieters, Evie A. AND Navarrete, Sergio A. AND Berlow, Eric L.},
    journal = {PLOS Biology},
    publisher = {Public Library of Science},
    title = {How Structured Is the Entangled Bank? The Surprisingly Simple Organization of Multiplex Ecological Networks Leads to Increased Persistence and Resilience},
    year = {2016},
    month = {08},
    volume = {14},
    OPTurl = {http://dx.doi.org/10.1371%2Fjournal.pbio.1002527},
    pages = {1-21},
    abstract = {An ecological network synthesizing all known interactions between species exhibits a clear pattern of organization that reflects evolutionary and ecological constraints operating in this entangled bank of species.},
    number = {8},
    OPTdoi = {10.1371/journal.pbio.1002527}
}


@article{celisse2012consistency,
  title={Consistency of maximum-likelihood and variational estimators in the stochastic block model},
  author={Celisse, Alain and Daudin, Jean-Jacques and Pierre, Laurent},
  journal={Electronic Journal of Statistics},
  volume={6},
  pages={1847--1899},
  year={2012},
  publisher={The Institute of Mathematical Statistics and the Bernoulli Society}
}
@article{chen2018network,
  title={Network cross-validation for determining the number of communities in network data},
  author={Chen, Kehui and Lei, Jing},
  journal={Journal of the American Statistical Association},
  volume={113},
  number={521},
  pages={241--251},
  year={2018},
  publisher={Taylor \& Francis}
}
@article{choi2012stochastic,
  title={Stochastic blockmodels with a growing number of classes},
  author={{Choi}, David S. and Wolfe, Patrick J. and Airoldi, Edoardo M.},
  journal={Biometrika},
  volume={99},
  number={2},
  pages={273--284},
  year={2012}
  }
  
  @article{erdos59a,
  added-at = {2010-05-05T00:38:27.000+0200},
  author = {Erd\"{o}s, P. and R\'{e}nyi, A.},
  biburl = {https://www.bibsonomy.org/bibtex/25aab47a7be9ec47644735f8e0a4607b6/alex},
  interhash = {99061fc859ba540d4485abfbce44f298},
  intrahash = {5aab47a7be9ec47644735f8e0a4607b6},
  journal = {Publicationes Mathematicae Debrecen},
  keywords = {graph sna},
  pages = 290,
  timestamp = {2010-05-05T00:38:27.000+0200},
  title = {On Random Graphs I},
  volume = 6,
  year = 1959
}





@article{Govaert2008,
 author = {Govaert, G. and Nadif, M.},
 title = {Block Clustering with Bernoulli Mixture Models: Comparison of Different Approaches},
 journal = {Computational. Statistics and Data Analysis},
 issue_date = {February, 2008},
 volume = {52},
 number = {6},
 month = feb,
 year = {2008},
 issn = {0167-9473},
 pages = {3233--3245},
 numpages = {13},
 OPTurl = {http://dx.doi.org/10.1016/j.csda.2007.09.007},
 OPTdoi = {10.1016/j.csda.2007.09.007},
 acmid = {1346470},
 publisher = {Elsevier Science Publishers B. V.},
 address = {Amsterdam, The Netherlands, The Netherlands},
 keywords = {Block mixture model, Co-clustering, EM algorithm, Latent block model, Simultaneous clustering},
}

@article{FREEMAN1978215,
title = "Centrality in social networks conceptual clarification",
journal = "Social Networks",
volume = "1",
number = "3",
pages = "215 - 239",
year = "1978",
issn = "0378-8733",
doi = "https://doi.org/10.1016/0378-8733(78)90021-7",
url = "http://www.sciencedirect.com/science/article/pii/0378873378900217",
author = "Linton C. Freeman",
abstract = "The intuitive background for measures of structural centrality in social networks is reviewed and existing measures are evaluated in terms of their consistency with intuitions and their interpretability. Three distinct intuitive conceptions of centrality are uncovered and existing measures are refined to embody these conceptions. Three measures are developed for each concept, one absolute and one relative measure of the centrality of positions in a network, and one reflecting the degree of centralization of the entire network. The implications of these measures for the experimental study of small groups is examined."
}

@article{Rodriguez2006,
author = {Rodríguez-Gironés, Miguel and Santamaría, Luis},
year = {2006},
month = {03},
pages = {924 - 935},
title = {Rodríguez-Gironés MA, Santamaría L.. A new algorithm to calculate the nestedness temperature of presence-absence matrices. J Biogeogr 33: 924-935},
volume = {33},
journal = {Journal of Biogeography},
doi = {10.1111/j.1365-2699.2006.01444.x}
}

@article{clauset2008hierarchical,
  title={Hierarchical structure and the prediction of missing links in networks},
  author={Clauset, Aaron and Moore, Cristopher and Newman, Mark EJ},
  journal={Nature},
  volume={453},
  number={7191},
  pages={98},
  year={2008},
  publisher={Nature Publishing Group}
}
@article{come2015model,
  title={Model selection and clustering in stochastic block models based on the exact integrated complete data likelihood},
  author={C{\^o}me, Etienne and Latouche, Pierre},
  journal={Statistical Modelling},
  volume={15},
  number={6},
  pages={564--589},
  year={2015},
  publisher={SAGE Publications Sage India: New Delhi, India}
}
@article{dabbs2016comparison,
  title={Comparison of cross-validation methods for stochastic block models},
  author={Dabbs, Beau and Junker, Brian},
  journal={arXiv preprint arXiv:1605.03000},
  year={2016}
}
@article{daudin2008mixture,
  title={A mixture model for random graphs},
  author={Daudin, Jean-Jacques and Picard, Franck and Robin, St{\'e}phane},
  journal={Statistics and computing},
  volume={18},
  number={2},
  pages={173--183},
  year={2008},
  publisher={Springer}
}
@article{de2017community,
  title={Community detection, link prediction, and layer interdependence in multilayer networks},
  author={De Bacco, Caterina and Power, Eleanor A and Larremore, Daniel B and Moore, Cristopher},
  journal={Physical Review E},
  volume={95},
  number={4},
  pages={042317},
  year={2017},
  publisher={APS}
}
@article{decelle2011asymptotic,
  title={Asymptotic analysis of the stochastic block model for modular networks and its algorithmic applications},
  author={Decelle, Aurelien and Krzakala, Florent and Moore, Cristopher and Zdeborov{\'a}, Lenka},
  journal={Physical Review E},
  volume={84},
  number={6},
  pages={066106},
  year={2011},
  publisher={APS}
}
@article{dempster1977maximum,
  title={Maximum likelihood from incomplete data via the EM algorithm},
  author={Dempster, Arthur P and Laird, Nan M and Rubin, Donald B},
  journal={Journal of the Royal Statistical Society: Series B (Methodological)},
  volume={39},
  number={1},
  pages={1--22},
  year={1977},
  publisher={Wiley Online Library}
}
@article{guimera2009missing,
  title={Missing and spurious interactions and the reconstruction of complex networks},
  author={Guimer{\`a}, Roger and Sales-Pardo, Marta},
  journal={Proceedings of the National Academy of Sciences},
  volume={106},
  number={52},
  pages={22073--22078},
  year={2009},
  publisher={National Acad Sciences}
}
@article{hayashi2016tractable,
  title={A tractable fully bayesian method for the stochastic block model},
  author={Hayashi, Kohei and Konishi, Takuya and Kawamoto, Tatsuro},
  journal={arXiv preprint arXiv:1602.02256},
  year={2016}
}
@article{hileman2018network,
  title={The network structure of multilevel water resources governance in Central America},
  author={Hileman, Jacob and Lubell, Mark},
  journal={Ecology and Society},
  volume={23},
  number={2},
  year={2018},
  publisher={The Resilience Alliance}
}
@article{holland1983stochastic,
  title={Stochastic blockmodels: First steps},
  author={Holland, Paul W and Laskey, Kathryn Blackmond and Leinhardt, Samuel},
  journal={Social networks},
  volume={5},
  number={2},
  pages={109--137},
  year={1983},
  publisher={Elsevier}
}
@article{hubert1985comparing,
  title={Comparing partitions},
  author={Hubert, Lawrence and Arabie, Phipps},
  journal={Journal of classification},
  volume={2},
  number={1},
  pages={193--218},
  year={1985},
  publisher={Springer}
}
@article{jordan1999introduction,
  title={An introduction to variational methods for graphical models},
  author={Jordan, Michael I and Ghahramani, Zoubin and Jaakkola, Tommi S and Saul, Lawrence K},
  journal={Machine learning},
  volume={37},
  number={2},
  pages={183--233},
  year={1999},
  publisher={Springer}
}
@article{kawamoto2017cross,
  title={Cross-validation estimate of the number of clusters in a network},
  author={Kawamoto, Tatsuro and Kabashima, Yoshiyuki},
  journal={Scientific reports},
  volume={7},
  number={1},
  pages={3327},
  year={2017},
  publisher={Nature Publishing Group}
}
@article{kivela2014multilayer,
  title={Multilayer networks},
  author={Kivel{\"a}, Mikko and Arenas, Alex and Barthelemy, Marc and Gleeson, James P and Moreno, Yamir and Porter, Mason A},
  journal={Journal of complex networks},
  volume={2},
  number={3},
  pages={203--271},
  year={2014},
  publisher={Oxford University Press}
}
@book{lazega2015multilevel,
  title={Multilevel network analysis for the social sciences: Theory, methods and applications},
  author={Lazega, Emmanuel and Snijders, Tom AB},
  volume={12},
  year={2015},
  publisher={Springer}
}
@article{leger2016blockmodels,
  title={Blockmodels: A R-package for estimating in Latent Block Model and Stochastic Block Model, with various probability functions, with or without covariates},
  author={Leger, Jean-Benoist},
  journal={arXiv preprint arXiv:1602.07587},
  year={2016}
}
@article{li2016network,
  title={Network cross-validation by edge sampling},
  author={Li, Tianxi and Levina, Elizaveta and Zhu, Ji},
  journal={arXiv preprint arXiv:1612.04717},
  year={2016}
}

@article{mariadassou2015convergence,
  title={Convergence of the groups posterior distribution in latent or stochastic block models},
  author={Mariadassou, Mahendra and Matias, Catherine},
  journal={Bernoulli},
  volume={21},
  number={1},
  pages={537--573},
  year={2015},
  publisher={Bernoulli Society for Mathematical Statistics and Probability}
}
@article{mariadassou2010uncovering,
  title={Uncovering latent structure in valued graphs: a variational approach},
  author={Mariadassou, Mahendra and Robin, St{\'e}phane and Vacher, Corinne},
  journal={The Annals of Applied Statistics},
  volume={4},
  number={2},
  pages={715--742},
  year={2010},
  publisher={Institute of Mathematical Statistics}
}
@article{snijders1997estimation,
  title={Estimation and prediction for stochastic blockmodels for graphs with latent block structure},
  author={Snijders, Tom AB and Nowicki, Krzysztof},
  journal={Journal of classification},
  volume={14},
  number={1},
  pages={75--100},
  year={1997},
  publisher={Springer}
}
@article{snijders2001statistical,
  title={The statistical evaluation of social network dynamics},
  author={Snijders, Tom AB},
  journal={Sociological methodology},
  volume={31},
  number={1},
  pages={361--395},
  year={2001},
  publisher={Wiley Online Library}
}
@article{peixoto2017bayesian,
  title={Bayesian stochastic blockmodeling},
  author={Peixoto, Tiago P},
  journal={arXiv preprint arXiv:1705.10225},
  year={2017}
}
@article{stanley2016clustering,
  title={Clustering network layers with the strata multilayer stochastic block model},
  author={Stanley, Natalie and Shai, Saray and Taylor, Dane and Mucha, Peter J},
  journal={IEEE transactions on network science and engineering},
  volume={3},
  number={2},
  pages={95--105},
  year={2016},
  publisher={IEEE}
}
@article{valles2018consistencies,
  title={Consistencies and inconsistencies between model selection and link prediction in networks},
  author={Vall{\`e}s-Catal{\`a}, Toni and Peixoto, Tiago P and Sales-Pardo, Marta and Guimer{\`a}, Roger},
  journal={Physical Review E},
  volume={97},
  number={6},
  pages={062316},
  year={2018},
  publisher={APS}
}
@article{wang2013exponential,
  title={Exponential random graph models for multilevel networks},
  author={Wang, Peng and Robins, Garry and Pattison, Philippa and Lazega, Emmanuel},
  journal={Social Networks},
  volume={35},
  number={1},
  pages={96--115},
  year={2013},
  publisher={Elsevier}
}
@article{vziberna2014blockmodeling,
  title={Blockmodeling of multilevel networks},
  author={{\v{Z}}iberna, Ale{\v{s}}},
  journal={Social networks},
  volume={39},
  pages={46--61},
  year={2014},
  publisher={Elsevier}
}

@article{matias2017statistical,
  title={Statistical clustering of temporal networks through a dynamic stochastic block model},
  author={Matias, Catherine and Miele, Vincent},
  journal={Journal of the Royal Statistical Society: Series B (Statistical Methodology)},
  volume={79},
  number={4},
  pages={1119--1141},
  year={2017},
  publisher={Wiley Online Library}
}
@inproceedings{yan2016bayesian,
  title={Bayesian model selection of stochastic block models},
  author={Yan, Xiaoran},
  booktitle={Proceedings of the 2016 IEEE/ACM International Conference on Advances in Social Networks Analysis and Mining},
  pages={323--328},
  year={2016},
  organization={IEEE Press}
}


@article{latouche2012variational,
  title={Variational Bayesian inference and complexity control for stochastic block models},
  author={Latouche, Pierre and Birmele, Etienne and Ambroise, Christophe},
  journal={Statistical Modelling},
  volume={12},
  number={1},
  pages={93--115},
  year={2012},
  publisher={Sage Publications Sage India: New Delhi, India}
}
@article{zijlstra2006multilevel,
  title={The multilevel p2 model},
  author={Zijlstra, Bonne JH and Van Duijn, Marijtje AJ and Snijders, Tom AB},
  journal={Methodology},
  volume={2},
  number={1},
  pages={42--47},
  year={2006},
  publisher={Hogrefe \& Huber Publishers}
}
@article{sweet2014hierarchical,
  title={Hierarchical mixed membership stochastic blockmodels for multiple networks and experimental interventions},
  author={Sweet, Tracy M and Thomas, Andrew C and Junker, Brian W},
  journal={Handbook on mixed membership models and their applications},
  pages={463--488},
  year={2014},
  publisher={Chapman \& Hall/CRC Boca Raton, FL}
}
@article{airoldi2008mixed,
  title={Mixed membership stochastic blockmodels},
  author={Airoldi, Edoardo M and Blei, David M and Fienberg, Stephen E and Xing, Eric P},
  journal={Journal of machine learning research},
  volume={9},
  number={Sep},
  pages={1981--2014},
  year={2008}
}
@article{sweet2013hierarchical,
  title={Hierarchical network models for education research: Hierarchical latent space models},
  author={Sweet, Tracy M and Thomas, Andrew C and Junker, Brian W},
  journal={Journal of Educational and Behavioral Statistics},
  volume={38},
  number={3},
  pages={295--318},
  year={2013},
  publisher={SAGE Publications Sage CA: Los Angeles, CA}
}
@article{lazega2008catching,
  title={Catching up with big fish in the big pond? Multi-level network analysis through linked design},
  author={Lazega, Emmanuel and Jourda, Marie-Th{\'e}r{\`e}se and Mounier, Lise and Stofer, Rafa{\"e}l},
  journal={Social Networks},
  volume={30},
  number={2},
  pages={159--176},
  year={2008},
  publisher={Elsevier}
}

@incollection{favre2016inter,
  title={Inter-organizational network influence on long-term and short-term inter-individual relationships: The case of a trade fair for TV programs distribution in sub-Saharan Africa},
  author={Favre, Guillaume and Brailly, Julien and Chatellet, Josiane and Lazega, Emmanuel},
  booktitle={Multilevel network analysis for the social sciences},
  pages={295--314},
  year={2016},
  publisher={Springer}
}
@article{lazega2002interdependent,
  title={Interdependent entrepreneurs and the social discipline of their cooperation: a research programme for structural economic sociology in a society of organizations},
  author={Lazega, Emmanuel and Mounier, Lise},
  journal={Conventions and structures in economic organization: markets, networks, and hierarchies, Cheltenham, Edward Elgar Publishing},
  year={2002}
}
@article{lazega2016effects,
  title={Effects of competition on collective learning in advice networks},
  author={Lazega, Emmanuel and Bar-Hen, Avner and Barbillon, Pierre and Donnet, Sophie},
  journal={Social Networks},
  volume={47},
  pages={1--14},
  year={2016},
  publisher={Elsevier}
}
@article{lazega2009theory,
  title={Theory of cooperation among competitors: A neo-structural approach},
  author={Lazega, Emmanuel},
  journal={Sociologica},
  volume={1},
  pages={1--34},
  year={2009}
}
@article{snijders2017stochastic,
  title={Stochastic actor-oriented models for network dynamics},
  author={Snijders, Tom AB},
  year={2017},
  publisher={Annual Reviews}
}
@article{lazegaforthcoming,
  title={Bureaucracy, collegiality and social change: Redefining organization with multilevel relational infrastructures},
  author={Lazega, Emmanuel},
  year={2019+},
  note = {Forthcoming paper},
  publisher={Edward Elgar Publishing}
 }
 @article{karrer2011stochastic,
  title={Stochastic blockmodels and community structure in networks},
  author={Karrer, Brian and Newman, Mark EJ},
  journal={Physical review E},
  volume={83},
  number={1},
  pages={016107},
  year={2011},
  publisher={APS}
}
@inbook{inbook,
author = {Lazega, Emmanuel},
year = {2017},
month = {03},
pages = {211-237},
title = {Networks and Commons: Bureaucracy, Collegiality and Organizational Morphogenesis in the Struggles to Shape Collective Responsibility in New Sharing Institutions},
isbn = {978-3-319-49468-5},
doi = {10.1007/978-3-319-49469-2_10}
}
@article{tabouy2019variational,
  title={Variational Inference for Stochastic Block Models from Sampled Data},
  author={Tabouy, Timoth{\'e}e and Barbillon, Pierre and Chiquet, Julien},
  journal={Journal of the American Statistical Association},
  pages={1--23},
  year={2019},
  publisher={Taylor \& Francis}
}
@article{rubin1976inference,
  title={Inference and missing data},
  author={Rubin, Donald B},
  journal={Biometrika},
  volume={63},
  number={3},
  pages={581--592},
  year={1976},
  publisher={Oxford University Press}
}
 
@book{kolaczykstatistical,
 author = {Kolaczyk, Eric D.},
 title = {Statistical Analysis of Network Data: Methods and Models},
 year = {2009},
 isbn = {038788145X, 9780387881454},
 edition = {1st},
 publisher = {Springer Publishing Company, Incorporated},
} 
 


