
@article{lepvs2011community,
  title={Community trait response to environment: disentangling species turnover vs intraspecific trait variability effects},
  author={Lep{\v{s}}, Jan and de Bello, Francesco and {\v{S}}milauer, Petr and Dole{\v{z}}al, Ji{\v{r}}{\'\i}},
  journal={Ecography},
  volume={34},
  number={5},
  pages={856--863},
  year={2011},
  publisher={Wiley Online Library}
}

